<record><leader>00000cas a2200000 a 4500</leader><controlfield tag="001">13726885</controlfield><controlfield tag="008">860613d1863186ualudr ne      0   a0eng d</controlfield><datafield ind1=" " ind2=" " tag="010"><subfield code="a">sn 87060163 </subfield></datafield><datafield ind1=" " ind2=" " tag="040"><subfield code="a">NDD</subfield><subfield code="b">eng</subfield><subfield code="c">NDD</subfield><subfield code="d">KNP</subfield><subfield code="d">CPN</subfield><subfield code="d">KNP</subfield><subfield code="d">MGN</subfield><subfield code="d">HLS</subfield><subfield code="d">OCL</subfield><subfield code="d">OCLCQ</subfield><subfield code="d">OCLCF</subfield><subfield code="d">OCLCO</subfield></datafield><datafield ind1="1" ind2=" " tag="029"><subfield code="a">AU@</subfield><subfield code="b">000020236711</subfield></datafield><datafield ind1=" " ind2=" " tag="042"><subfield code="a">msc</subfield></datafield><datafield ind1=" " ind2=" " tag="043"><subfield code="a">n-us-al</subfield></datafield><datafield ind1="0" ind2="4" tag="245"><subfield code="a">The Daily Huntsville confederate.</subfield></datafield><datafield ind1="3" ind2="0" tag="246"><subfield code="a">Huntsville confederate</subfield></datafield><datafield ind1=" " ind2=" " tag="260"><subfield code="a">Huntsville, Ala. :</subfield><subfield code="b">J. Withers Clay,</subfield><subfield code="c">1863-</subfield></datafield><datafield ind1=" " ind2=" " tag="300"><subfield code="a">v. ;</subfield><subfield code="c">59 cm.</subfield></datafield><datafield ind1="0" ind2=" " tag="362"><subfield code="a">Vol. 1, no. 1 (May 18, 1863)-</subfield></datafield><datafield ind1=" " ind2=" " tag="500"><subfield code="a">Published in Chattanooga, Tenn., July 21-&lt;Aug. 18&gt;, 1863; in Marietta, Ga., &lt;Sept. 1&gt;-Dec. 24, 1863; in Dalton, Ga., Jan. 23-&lt;Feb. 16., 1864&gt;.</subfield></datafield><datafield ind1=" " ind2="0" tag="651"><subfield code="a">Huntsville (Ala.)</subfield><subfield code="v">Newspapers.</subfield></datafield><datafield ind1=" " ind2="7" tag="655"><subfield code="a">Newspapers.</subfield><subfield code="2">fast</subfield><subfield code="0">(OCoLC)fst01423814</subfield></datafield><datafield ind1=" " ind2="7" tag="651"><subfield code="a">Alabama</subfield><subfield code="z">Huntsville.</subfield><subfield code="2">fast</subfield><subfield code="0">(OCoLC)fst01205426</subfield></datafield><datafield ind1=" " ind2=" " tag="752"><subfield code="a">United States</subfield><subfield code="b">Georgia</subfield><subfield code="c">Whitfield</subfield><subfield code="d">Dalton.</subfield></datafield><datafield ind1=" " ind2=" " tag="752"><subfield code="a">United States</subfield><subfield code="b">Alabama</subfield><subfield code="c">Madison</subfield><subfield code="d">Huntsville.</subfield></datafield><datafield ind1=" " ind2=" " tag="752"><subfield code="a">United States</subfield><subfield code="b">Tennessee</subfield><subfield code="c">Hamilton</subfield><subfield code="d">Chattanooga.</subfield></datafield><datafield ind1=" " ind2=" " tag="752"><subfield code="a">United States</subfield><subfield code="b">Georgia</subfield><subfield code="c">Cobb</subfield><subfield code="d">Marietta.</subfield></datafield><datafield ind1="0" ind2=" " tag="775"><subfield code="t">Huntsville confederate</subfield><subfield code="w">(DLC)sn 85033068</subfield></datafield><datafield ind1="0" ind2="1" tag="780"><subfield code="t">Democrat (Huntsville, Ala. : 1823)</subfield><subfield code="w">(DLC)sn 84023505</subfield></datafield></record>